% Encoding: UTF-8

@Article{joyce1967classical,
  author =    {Joyce, GS},
  title =     {Classical Heisenberg Model},
  journal =   {Physical Review},
  year =      {1967},
  volume =    {155},
  number =    {2},
  pages =     {478},
  publisher = {APS}
}

@Book{LippmanLajoieMooEtAl2013,
  title =     {C++ Primer 中文版：第5版},
  publisher = {电子工业出版社},
  year =      {2013},
  author =    {Lippman, Stanley B and Lajoie, Jos{\'e}e and Moo, Barbara E and 王刚 and 杨巨峰},
  address =   {北京}
}

@Misc{wiki:ClassicalHeisenbergModel,
  author = {Wikipedia},
  title =  {Classical Heisenberg model --- Wikipedia{,} The Free Encyclopedia},
  year =   {2016},
  note =   {[Online; accessed 23-May-2016]},
  url =    {https://en.wikipedia.org/w/index.php?title=Classical_Heisenberg_model&oldid=711311494}
}

@Article{yu2010real,
  author =    {Yu, XZ and Onose, Y and Kanazawa, N and Park, JH and Han, JH and Matsui, Y and Nagaosa, N and Tokura, Y},
  title =     {Real-space observation of a two-dimensional skyrmion crystal},
  journal =   {Nature},
  year =      {2010},
  volume =    {465},
  number =    {7300},
  pages =     {901--904},
  publisher = {Nature Publishing Group}
}

@MastersThesis{周琼2010蒙特卡洛方法在磁性系统中的应用,
  author =  {周琼},
  title =   {蒙特卡洛方法在磁性系统中的应用},
  school =  {南京航空航天大学},
  year =    {2010},
  address = {南京}
}
